{"symbol": "RAND", "annualReports": [{"fiscalDateEnding": "2023-12-31", "reportedCurrency": "USD", "grossProfit": "8248348", "totalRevenue": "9109331", "costOfRevenue": "860983", "costofGoodsAndServicesSold": "2035866", "operatingIncome": "4070029", "sellingGeneralAndAdministrative": "597483", "researchAndDevelopment": "0.86", "operatingExpenses": "4178319", "investmentIncomeNet": "933", "netInterestIncome": "4934524", "interestIncome": "5980288", "interestExpense": "1044831", "nonInterestIncome": "3496950", "otherNonOperatingIncome": "None", "depreciation": "None", "depreciationAndAmortization": "25000", "incomeBeforeTax": "6718761", "incomeTaxExpense": "192111", "interestAndDebtExpense": "1044831", "netIncomeFromContinuingOperations": "3323024", "comprehensiveIncomeNetOfTax": "3323024", "ebit": "8227838", "ebitda": "8252838", "netIncome": "6526650"}], "quarterlyReports": [{"fiscalDateEnding": "2024-09-30", "reportedCurrency": "USD", "grossProfit": "10142375", "totalRevenue": "10332947", "costOfRevenue": "190572", "costofGoodsAndServicesSold": "57869", "operatingIncome": "8808445", "sellingGeneralAndAdministrative": "124022", "researchAndDevelopment": "None", "operatingExpenses": "1333930", "investmentIncomeNet": "113", "netInterestIncome": "1945595", "interestIncome": "2190601", "interestExpense": "245006", "nonInterestIncome": "57125", "otherNonOperatingIncome": "None", "depreciation": "None", "depreciationAndAmortization": "6250", "incomeBeforeTax": "2634005", "incomeTaxExpense": "-2511", "interestAndDebtExpense": "245006", "netIncomeFromContinuingOperations": "2833972", "comprehensiveIncomeNetOfTax": "2833972", "ebit": "2879011", "ebitda": "-153912", "netIncome": "2636516"}, {"fiscalDateEnding": "2024-06-30", "reportedCurrency": "USD", "grossProfit": "1874209", "totalRevenue": "2047480", "costOfRevenue": "173271", "costofGoodsAndServicesSold": "2009922", "operatingIncome": "-778573", "sellingGeneralAndAdministrative": "106721", "researchAndDevelopment": "None", "operatingExpenses": "2652782", "investmentIncomeNet": "144", "netInterestIncome": "1995227", "interestIncome": "2388399", "interestExpense": "393172", "nonInterestIncome": "73175", "otherNonOperatingIncome": "None", "depreciation": "None", "depreciationAndAmortization": "6250", "incomeBeforeTax": "7738335", "incomeTaxExpense": "562", "interestAndDebtExpense": "393172", "netIncomeFromContinuingOperations": "6540313", "comprehensiveIncomeNetOfTax": "6540313", "ebit": "8131507", "ebitda": "-140952", "netIncome": "7737773"}, {"fiscalDateEnding": "2024-03-31", "reportedCurrency": "USD", "grossProfit": "5650994", "totalRevenue": "5965740", "costOfRevenue": "314746", "costofGoodsAndServicesSold": "459312", "operatingIncome": "4424138", "sellingGeneralAndAdministrative": "250896", "researchAndDevelopment": "None", "operatingExpenses": "1226856", "investmentIncomeNet": "1914", "netInterestIncome": "1423628", "interestIncome": "1813648", "interestExpense": "390020", "nonInterestIncome": "151835", "otherNonOperatingIncome": "None", "depreciation": "None", "depreciationAndAmortization": "6250", "incomeBeforeTax": "1400159", "incomeTaxExpense": "778", "interestAndDebtExpense": "390020", "netIncomeFromContinuingOperations": "1471128", "comprehensiveIncomeNetOfTax": "1471128", "ebit": "1790179", "ebitda": "1796429", "netIncome": "1399381"}, {"fiscalDateEnding": "2023-12-31", "reportedCurrency": "USD", "grossProfit": "6965884", "totalRevenue": "7198979", "costOfRevenue": "233095", "costofGoodsAndServicesSold": "394797", "operatingIncome": "5952087", "sellingGeneralAndAdministrative": "167386", "researchAndDevelopment": "None", "operatingExpenses": "1013797", "investmentIncomeNet": "241", "netInterestIncome": "5642358", "interestIncome": "5979355", "interestExpense": "336997", "nonInterestIncome": "4470666", "otherNonOperatingIncome": "None", "depreciation": "None", "depreciationAndAmortization": "6250", "incomeBeforeTax": "1043697", "incomeTaxExpense": "-45282", "interestAndDebtExpense": "-3174484", "netIncomeFromContinuingOperations": "2938778", "comprehensiveIncomeNetOfTax": "2938778", "ebit": "1380694", "ebitda": "1579473", "netIncome": "1088979"}, {"fiscalDateEnding": "2023-09-30", "reportedCurrency": "USD", "grossProfit": "-2309268", "totalRevenue": "978904", "costOfRevenue": "197758", "costofGoodsAndServicesSold": "57097", "operatingIncome": "-3119204", "sellingGeneralAndAdministrative": "131208", "researchAndDevelopment": "None", "operatingExpenses": "809936", "investmentIncomeNet": "456", "netInterestIncome": "-290522", "interestIncome": "1536133", "interestExpense": "290522", "nonInterestIncome": "0", "otherNonOperatingIncome": "None", "depreciation": "None", "depreciationAndAmortization": "6250", "incomeBeforeTax": "728099", "incomeTaxExpense": "132595", "interestAndDebtExpense": "290522", "netIncomeFromContinuingOperations": "-718241", "comprehensiveIncomeNetOfTax": "-718241", "ebit": "1018621", "ebitda": "-60759", "netIncome": "595504"}, {"fiscalDateEnding": "2023-06-30", "reportedCurrency": "USD", "grossProfit": "3889394", "totalRevenue": "4068026", "costOfRevenue": "178632", "costofGoodsAndServicesSold": "85080", "operatingIncome": "2582653", "sellingGeneralAndAdministrative": "111241", "researchAndDevelopment": "None", "operatingExpenses": "1306741", "investmentIncomeNet": "104", "netInterestIncome": "-258912", "interestIncome": "1473644", "interestExpense": "258912", "nonInterestIncome": "-732045", "otherNonOperatingIncome": "-1300829", "depreciation": "None", "depreciationAndAmortization": "6250", "incomeBeforeTax": "2687951", "incomeTaxExpense": "16061", "interestAndDebtExpense": "258912", "netIncomeFromContinuingOperations": "1198476", "comprehensiveIncomeNetOfTax": "1198476", "ebit": "2946863", "ebitda": "3032359", "netIncome": "2671890"}, {"fiscalDateEnding": "2023-03-31", "reportedCurrency": "USD", "grossProfit": "205472", "totalRevenue": "456970", "costOfRevenue": "251498", "costofGoodsAndServicesSold": "64304", "operatingIncome": "-842373", "sellingGeneralAndAdministrative": "187648", "researchAndDevelopment": "None", "operatingExpenses": "1047845", "investmentIncomeNet": "132", "netInterestIncome": "-158400", "interestIncome": "1297035", "interestExpense": "158400", "nonInterestIncome": "-241671", "otherNonOperatingIncome": "None", "depreciation": "None", "depreciationAndAmortization": "6250", "incomeBeforeTax": "2259014", "incomeTaxExpense": "88737", "interestAndDebtExpense": "458400", "netIncomeFromContinuingOperations": "407145", "comprehensiveIncomeNetOfTax": "407145", "ebit": "2417414", "ebitda": "202214", "netIncome": "2170277"}, {"fiscalDateEnding": "2022-12-31", "reportedCurrency": "USD", "grossProfit": "557149", "totalRevenue": "656665", "costOfRevenue": "99516", "costofGoodsAndServicesSold": "99516", "operatingIncome": "11705416", "sellingGeneralAndAdministrative": "96718", "researchAndDevelopment": "None", "operatingExpenses": "371090", "investmentIncomeNet": "None", "netInterestIncome": "1091990", "interestIncome": "1135908", "interestExpense": "43918", "nonInterestIncome": "None", "otherNonOperatingIncome": "None", "depreciation": "None", "depreciationAndAmortization": "6250", "incomeBeforeTax": "451967", "incomeTaxExpense": "131792", "interestAndDebtExpense": "None", "netIncomeFromContinuingOperations": "320175", "comprehensiveIncomeNetOfTax": "None", "ebit": "11705416", "ebitda": "11711666", "netIncome": "320175"}, {"fiscalDateEnding": "2022-09-30", "reportedCurrency": "USD", "grossProfit": "1355456", "totalRevenue": "1397229", "costOfRevenue": "41773", "costofGoodsAndServicesSold": "41773", "operatingIncome": "1176084", "sellingGeneralAndAdministrative": "247187", "researchAndDevelopment": "None", "operatingExpenses": "498959", "investmentIncomeNet": "None", "netInterestIncome": "1074011", "interestIncome": "1100053", "interestExpense": "26042", "nonInterestIncome": "None", "otherNonOperatingIncome": "None", "depreciation": "None", "depreciationAndAmortization": "6250", "incomeBeforeTax": "1150042", "incomeTaxExpense": "45140", "interestAndDebtExpense": "None", "netIncomeFromContinuingOperations": "1104902", "comprehensiveIncomeNetOfTax": "None", "ebit": "1176084", "ebitda": "1182334", "netIncome": "1104902"}, {"fiscalDateEnding": "2022-06-30", "reportedCurrency": "USD", "grossProfit": "251585", "totalRevenue": "316520", "costOfRevenue": "64935", "costofGoodsAndServicesSold": "64935", "operatingIncome": "-1865146", "sellingGeneralAndAdministrative": "326965", "researchAndDevelopment": "None", "operatingExpenses": "96198", "investmentIncomeNet": "None", "netInterestIncome": "1004833", "interestIncome": "1004833", "interestExpense": "None", "nonInterestIncome": "None", "otherNonOperatingIncome": "None", "depreciation": "None", "depreciationAndAmortization": "-1449380", "incomeBeforeTax": "-1865146", "incomeTaxExpense": "31243", "interestAndDebtExpense": "None", "netIncomeFromContinuingOperations": "-1896389", "comprehensiveIncomeNetOfTax": "None", "ebit": "-415766", "ebitda": "-1865146", "netIncome": "-1896389"}, {"fiscalDateEnding": "2022-03-31", "reportedCurrency": "USD", "grossProfit": "116247", "totalRevenue": "172990", "costOfRevenue": "56743", "costofGoodsAndServicesSold": "56743", "operatingIncome": "-403170", "sellingGeneralAndAdministrative": "105103", "researchAndDevelopment": "None", "operatingExpenses": "345378", "investmentIncomeNet": "None", "netInterestIncome": "912139", "interestIncome": "912139", "interestExpense": "None", "nonInterestIncome": "None", "otherNonOperatingIncome": "None", "depreciation": "None", "depreciationAndAmortization": "-779370", "incomeBeforeTax": "-403170", "incomeTaxExpense": "7367", "interestAndDebtExpense": "None", "netIncomeFromContinuingOperations": "-410537", "comprehensiveIncomeNetOfTax": "None", "ebit": "376200", "ebitda": "-403170", "netIncome": "-410537"}]}